<record><leader>00000cas a22000007a 4500</leader><controlfield tag="001">11338184</controlfield><controlfield tag="008">841101d19141915mtudn ne      0    0eng d</controlfield><datafield ind1=" " ind2=" " tag="010"><subfield code="a">sn 84036224 </subfield></datafield><datafield ind1=" " ind2=" " tag="040"><subfield code="a">MTL</subfield><subfield code="b">eng</subfield><subfield code="c">MTL</subfield><subfield code="d">OCLCQ</subfield></datafield><datafield ind1=" " ind2=" " tag="042"><subfield code="a">msc</subfield></datafield><datafield ind1="0" ind2=" " tag="130"><subfield code="a">Evening news (Lewistown, Mont.)</subfield></datafield><datafield ind1="1" ind2="4" tag="245"><subfield code="a">The Evening news.</subfield></datafield><datafield ind1=" " ind2=" " tag="260"><subfield code="a">Lewistown, Mont. :</subfield><subfield code="b">Montana Newspaper Co.,</subfield><subfield code="c">1914-1915.</subfield></datafield><datafield ind1=" " ind2=" " tag="300"><subfield code="a">2 v. :</subfield><subfield code="b">ill.</subfield></datafield><datafield ind1=" " ind2=" " tag="310"><subfield code="a">Daily (except Sun.)</subfield></datafield><datafield ind1="0" ind2=" " tag="362"><subfield code="a">Vol. 8, no. 232 (Dec. 22, 1914)-v. 9, no. 84 (June 30, 1915).</subfield></datafield><datafield ind1=" " ind2=" " tag="500"><subfield code="a">"Progressive." Cf. Newspaper directory of Montana, 1914-1915.</subfield></datafield><datafield ind1=" " ind2=" " tag="752"><subfield code="a">United States</subfield><subfield code="b">Montana</subfield><subfield code="c">Fergus</subfield><subfield code="d">Lewistown.</subfield></datafield><datafield ind1="0" ind2="0" tag="780"><subfield code="t">Lewistown daily news (Lewistown, Mont. : 1911)</subfield><subfield code="w">(DLC)sn 84036223</subfield></datafield><datafield ind1="0" ind2="7" tag="785"><subfield code="t">Daily Democrat (Lewistown, Mont.)</subfield><subfield code="w">(DLC)sn 84036225</subfield></datafield><datafield ind1="0" ind2="7" tag="785"><subfield code="t">Democrat-news (Lewistown, Mont.)</subfield><subfield code="w">(DLC)sn 84036215</subfield></datafield><datafield ind1="1" ind2=" " tag="029"><subfield code="a">AU@</subfield><subfield code="b">000025811502</subfield></datafield></record>